@string{ June = {Juin}}
@string{ Submitted = {Soumis}}
